<?xml version="1.0" encoding="UTF-8"?>
<collection xmlns:xsi="http://www.w3.org/2001/XMLSchema-instance" xsi:schemaLocation="http://www.loc.gov/MARC21/slim http://www.loc.gov/standards/marcxml/schema/MARC21slim.xsd" xmlns="http://www.loc.gov/MARC21/slim">
<record>
  <leader>00805cam a2200205 a 4500</leader>
  <controlfield tag="001">3071526</controlfield>
  <controlfield tag="003">NNC</controlfield>
  <controlfield tag="005">20130426015412.0</controlfield>
  <controlfield tag="008">970718s1901    ua            000 0 arard</controlfield>
  <datafield tag="035" ind1=" " ind2=" ">
    <subfield code="a">(OCoLC)ocm37317847</subfield>
  </datafield>
  <datafield tag="035" ind1=" " ind2=" ">
    <subfield code="9">ATP4501CU</subfield>
  </datafield>
  <datafield tag="035" ind1=" " ind2=" ">
    <subfield code="a">(NNC)3071526</subfield>
  </datafield>
  <datafield tag="040" ind1=" " ind2=" ">
    <subfield code="a">UUM</subfield>
    <subfield code="c">UUM</subfield>
    <subfield code="d">ZCU</subfield>
  </datafield>
  <datafield tag="099" ind1=" " ind2=" ">
    <subfield code="a">893.7K84</subfield>
    <subfield code="a">DA3</subfield>
  </datafield>
  <datafield tag="100" ind1="0" ind2=" ">
    <subfield code="a">Muḥammad ʻAbduh,</subfield>
    <subfield code="d">1849-1905.</subfield>
  </datafield>
  <datafield tag="245" ind1="1" ind2="0">
    <subfield code="a">Tafsīr al-Fātiḥah : mabdūʾ bi-muqaddimat al-tafsīr /</subfield>
    <subfield code="c">mulakhkhaṣ min durūs al-Imām Muḥammad ʻAbduh. Wa-yalīhi thathāth maqālāt tafsīrīyah lahu ayḍan.</subfield>
  </datafield>
  <datafield tag="260" ind1=" " ind2=" ">
    <subfield code="a">[Cairo] :</subfield>
    <subfield code="b">Aḥmad ʻUmar al-Maḥmaṣānī al-Azharī,</subfield>
    <subfield code="c">1319 [1901 or 2]</subfield>
    <subfield code="e">(Miṣr :</subfield>
    <subfield code="f">Maṭbaʻat al-Mawsūʻāt).</subfield>
  </datafield>
  <datafield tag="300" ind1=" " ind2=" ">
    <subfield code="a">127 p. ;</subfield>
    <subfield code="c">20 cm.</subfield>
  </datafield>
  <datafield tag="630" ind1="0" ind2="0">
    <subfield code="a">Qurʼan.</subfield>
    <subfield code="p">Sūrat al-Fātiḥah</subfield>
    <subfield code="v">Commentaries.</subfield>
  </datafield>
  <datafield tag="955" ind1=" " ind2=" ">
    <subfield code="b">CU58872906</subfield>
    <subfield code="d">off,glx</subfield>
    <subfield code="e">893.7K84 DA3</subfield>
  </datafield>
</record>
</collection>